%:Articles

%:
@article{,
	title = {},
	journal = {},
	volume = {},
	number = {},
	pages = {},
	year = {},
	doi = {},
	author = {}
}

